@inproceedings{matetic2017rote,
  title={$\{$ROTE$\}$: Rollback protection for trusted execution},
  author={Matetic, Sinisa and Ahmed, Mansoor and Kostiainen, Kari and Dhar, Aritra and Sommer, David and Gervais, Arthur and Juels, Ari and Capkun, Srdjan},
  booktitle={26th USENIX Security Symposium (USENIX Security 17)},
  pages={1289--1306},
  year={2017}
}

@Book{si-brochure,
  title =        {Le Syst\`eme international d'unit\'es / The
                  International System of Units (`The {SI} Brochure')},
  publisher =    {Bureau international des poids et mesures},
  author =       {{BIPM}},
  howpublished = {Online},
  url =          {http://www.bipm.org/en/si/si_brochure/},
  edition =      {Ninth},
  isbn =         {978-92-822-2272-0},
  year =         2019
}

@inproceedings{trach2020t,
  title={T-lease: A trusted lease primitive for distributed systems},
  author={Trach, Bohdan and Faqeh, Rasha and Oleksenko, Oleksii and Ozga, Wojciech and Bhatotia, Pramod and Fetzer, Christof},
  booktitle={Proceedings of the 11th ACM Symposium on Cloud Computing},
  pages={387--400},
  year={2020}
}

@inproceedings{sfaas,
  title={S-faas: Trustworthy and accountable function-as-a-service using intel SGX},
  author={Alder, Fritz and Asokan, N and Kurnikov, Arseny and Paverd, Andrew and Steiner, Michael},
  booktitle={Cloud Computing Security Workshop},
  year={2019}
}

@inproceedings{krawiecka2018safekeeper,
  title={Safekeeper: Protecting web passwords using trusted execution environments},
  author={Krawiecka, Klaudia and Kurnikov, Arseny and Paverd, Andrew and Mannan, Mohammad and Asokan, N},
  booktitle={WWW Conference},
  year={2018}
}

@inproceedings{jigsaw,
author = {Liang, Hongliang and Li, Mingyu},
title = {Bring the Missing Jigsaw Back: TrustedClock for SGX Enclaves},
year = {2018},
series = {EuroSec'18}
}

@inproceedings{anwar2019securing,
  title={Securing time in untrusted operating systems with timeseal},
  author={Anwar, Fatima M and Garcia, Luis and Han, Xi and Srivastava, Mani},
  booktitle={2019 IEEE Real-Time Systems Symposium (RTSS)},
  pages={80--92},
  year={2019},
  organization={IEEE}
}


  #url={https://community.intel.com/legacyfs/online/drupal_files/managed/1b/a2/Intel-SGX-Platform-Services.pdf},
  # given the volatility of Intel's website best to link to archive
  # https://web.archive.org/web/20230204144536/https://community.intel.com/legacyfs/online/drupal_files/managed/1b/a2/Intel-SGX-Platform-Services.pdf
  # url={https://tinyurl.com/2p8rzhs9},
@misc{cen2017trusted,
  title={Trusted time and monotonic counters with intel software guard extensions platform services},
  author={Cen, Shanwei and Zhang, Bo},
  year={2017}
}

@inproceedings{sarmenta2006counters,
author = {Sarmenta, Luis F. G. and van Dijk, Marten and O'Donnell, Charles W. and Rhodes, Jonathan and Devadas, Srinivas},
title = {Virtual Monotonic Counters and Count-Limited Objects Using a TPM without a Trusted OS},
year = {2006},
publisher = {ACM},
doi = {10.1145/1179474.1179485},
booktitle = {Proceedings of the First ACM Workshop on Scalable Trusted Computing},
pages = {27–42},
location = {Alexandria, Virginia, USA},
series = {STC '06}
}

@inproceedings{lee2019tzlogs,
author = {Lee, Seungho and Choi, Wonsuk and Jo, Hyo Jin and Lee, Dong Hoon},
title = {How to Securely Record Logs Based on ARM TrustZone},
year = {2019},
publisher = {ACM},
doi = {10.1145/3321705.3331001},
booktitle = {Proceedings of the 2019 ACM Asia Conference on Computer and Communications Security},
pages = {664–666},
series = {Asia CCS '19}
}

@INPROCEEDINGS{martin2021counters,
  author={Martin, André and Lian, Cong and Gregor, Franz and Krahn, Robert and Schiavoni, Valerio and Felber, Pascal and Fetzer, Christof},
  booktitle={2021 51st Annual IEEE/IFIP International Conference on Dependable Systems and Networks (DSN)}, 
  title={ADAM-CS: Advanced Asynchronous Monotonic Counter Service}, 
  year={2021},
  volume={},
  number={},
  pages={426-437},
  doi={10.1109/DSN48987.2021.00053}
}

@article{janoky2018analysis,
  title={An analysis on the revoking mechanisms for JSON Web Tokens},
  author={J{\'a}noky, L{\'a}szl{\'o} Viktor and Levendovszky, J{\'a}nos and Ekler, P{\'e}ter},
  journal={International Journal of Distributed Sensor Networks},
  volume={14},
  number={9},
  pages={1550147718801535},
  year={2018},
  publisher={SAGE Publications Sage UK: London, England}
}

@article{wu2021sgx,
  title={{SGX-UAM}: A secure unified access management scheme with one time passwords via intel sgx},
  author={Wu, Liangshun and Cai, HJ and Li, Han},
  journal={IEEE Access},
  volume={9},
  pages={38029--38042},
  year={2021},
  publisher={IEEE}
}

@inproceedings{sailer2004design,
  title={Design and implementation of a TCG-based integrity measurement architecture.},
  author={Sailer, Reiner and Zhang, Xiaolan and Jaeger, Trent and Van Doorn, Leendert},
  booktitle={USENIX Security symposium},
  volume={13},
  number={2004},
  pages={223--238},
  year={2004}
}

@inproceedings{brickell2004direct,
  title={Direct anonymous attestation},
  author={Brickell, Ernie and Camenisch, Jan and Chen, Liqun},
  booktitle={Proceedings of the 11th ACM conference on Computer and communications security},
  pages={132--145},
  year={2004}
}

@article{pinto2019demystifyingtz,
        title={Demystifying Arm TrustZone: A Comprehensive Survey},
        author={Sandro Pinto and Nuno Santos},
        journal={ACM Computing Surveys (CSUR)},
        year={2019},
        volume={51}
}

@inproceedings{raj2016ftpm,
        title={{fTPM}: A Software-Only Implementation of a TPM Chip},
        author={Himanshu Raj and Stefan Saroiu and Alec Wolman and Ronald Aigner and Jeremiah Cox and Paul England and Chris Fenner and Kinshuman Kinshumann and Jork L{\"o}ser and Dennis Mattoon and Magnus Nystr{\"o}m and David Robinson and Rob Spiger and Stefan Thom and David Wooten},
        booktitle={USENIX Security Symposium},
        year={2016}
}

@INPROCEEDINGS{wang2022rttee,
  author={Wang, Jinwen and Li, Ao and Li, Haoran and Lu, Chenyang and Zhang, Ning},
  booktitle={2022 IEEE Symposium on Security and Privacy}, 
  title={RT-TEE: Real-time System Availability for Cyber-physical Systems using ARM TrustZone}, 
  year={2022}
}


  
% IETF 

@techreport{rfc6819,
  title={{OAuth 2.0} Threat Model and Security Considerations},
  author={Internet Engineering Task Force ({IETF})},
  type = {{RFC}- Informational},
  number = {6819},
  year={2013}
}

@techreport{rfc5280,
  title={Internet X.509 Public Key Infrastructure Certificate and Certificate Revocation List (CRL) Profile},
  author={Internet Engineering Task Force ({IETF})},
  type = {{RFC}- Proposed Standard},
  number = {5280},
  year={2008}
}

@techreport{rfc6238,
  title={{TOTP}: Time-Based One-Time Password Algorithm},
  author={Internet Engineering Task Force ({IETF})},
  type = {{RFC}- Proposed Standard},
  number = {6238},
  year={2011}
}

@techreport{rfc6961,
  title={The Transport Layer Security ({TLS}) Multiple Certificate Status Request Extension},
  author={Internet Engineering Task Force ({IETF})},
  type = {{RFC}- Proposed Standard},
  number = {6961},
  year={2013}
}

% Architecture Specs

%url = {https://trustedcomputinggroup.org/wp-content/uploads/TCG_TPM2_r1p59_Part1_Architecture_pub.pdf}
@techreport{TPM2.0-Rev-01.59,
  title = {Trusted Platform Module Library, Part 1: Architecture},
  author = {{Trusted Computing Group}},
  year = {2019},
  month = {November},
  type = {Specification},
  number = {TPM 2.0 Library},
  version = {Revision 01.59},
  
}

#  url = {https://www.amd.com/system/files/TechDocs/24593.pdf}
@techreport{AmdSevSnp,
  title = {AMD64 Architecture Programmer’s Manual Volume 2: System Programming},
  author = {{AMD64 Technology}},
  year = {2023},
  month = {January},
  type = {Specification},
  version = {Revision 3.40}
}

#  url = {https://cdrdv2.intel.com/v1/dl/getContent/671200}
@techreport{intelManual,
  title = {Intel® 64 and IA-32 Architectures Software Developer’s Manual Volume 3:
System Programming Guide},
  author = {{Intel}},
  year = {2022},
  month = {December},
  type = {Specification},
  version = {325462-078US}
}

#  url = {https://cdrdv2.intel.com/v1/dl/getContent/733568}
@techreport{intelTdxSpec,
  title = {Architecture Specification: Intel® Trust Domain
Extensions (Intel® TDX) Module},
  author = {{Intel}},
  year = {2022},
  month = {June},
  type = {Specification},
  version = {344425-004US}
}

#  url = {https://intel.github.io/ccc-linux-guest-hardening-docs/security-spec.html}
@techreport{intelTdxDocs,
  title = {Intel® Trust Domain Extension Linux Guest Kernel Security Specification},
  author = {{Intel}},
  year = {2023},
  month = {January},
  type = {Specification},
  version = {0.1}
}

#  url = {https://developer.arm.com/documentation/den0137/latest}
@techreport{arm-rmm,
  title = {{ARM} Realm Management Monitor specification},
  author = {{ARM}},
  year = {2023},
  month = {March},
  type = {Specification},
  version = {DEN0137, 1.0-eac1}
}

@techreport{arm-cca,
  title = {{ARM} {CCA} Security Model 1.0},
  author = {{ARM}},
  year = {2021},
  month = {August},
  type = {Security Model (SM)},
  version = {DEN0096}
}


% websites


@misc{rustMbedtls,
  title="Idiomatic Rust wrapper for {MbedTLS}",
  author={{F}ortanix},
  howpublished="\url{https://github.com/fortanix/rust-mbedtls}",
  accessed = {February 17, 2023},
  year = {2023}
}

@misc{scone2fa,
  title="{2FA} with Time-based One-time Passwords",
  author={{SCONE} Confidential Computing},
  howpublished="\url{https://sconedocs.github.io/CAS_session_lang_0_3}",
  accessed = {February 17, 2023},
  year = {2023}
}


@techreport{intel2022aexnotify,
title = {{Asynchronous Enclave Exit Notify and the EDECCSSA User Leaf Function}},
author = {Intel Corporation},
year = {2022},
month = {June},
type = {{White Paper}}
}
